<record xmlns="http://www.loc.gov/MARC21/slim" xmlns:xsi="http://www.w3.org/2001/XMLSchema-instance" xsi:schemaLocation="http://www.loc.gov/MARC21/slim http://www.loc.gov/standards/marcxml/schema/MARC21slim.xsd"><leader>02104nam a2200373   4500</leader><controlfield tag="001">002818882</controlfield><controlfield tag="003">NNU</controlfield><controlfield tag="006">m        d        </controlfield><controlfield tag="007">cr cn |||m|||a</controlfield><controlfield tag="008">140707r19681897iq      ob    000 0 arax</controlfield><datafield ind1=" " ind2=" " tag="040"><subfield code="a">NNU</subfield><subfield code="b">eng</subfield><subfield code="c">NNU</subfield></datafield><datafield ind1="0" ind2=" " tag="050"><subfield code="a">PJ7741.U55</subfield><subfield code="b">A6 1968</subfield></datafield><datafield ind1="0" ind2=" " tag="100"><subfield code="a">&#699;Um&#257;rah ibn &#699;Al&#299; al-&#7716;akam&#299;,</subfield><subfield code="d">1120 or 21-1174.</subfield></datafield><datafield ind1="1" ind2="0" tag="245"><subfield code="a">Kit&#257;b f&#299;h&#299; al-nukat al-&#699;a&#7779;r&#299;yah f&#299; akhb&#257;r al-wuzar&#257;&#700; al-Mi&#7779;r&#299;yah</subfield><subfield code="h">[electronic resource],</subfield><subfield code="c">ta&#700;l&#299;f Najm al-D&#299;n Ab&#299; Mu&#7717;ammad &#699;Um&#257;rah ibn Ab&#299; al-&#7716;asan al-&#7716;akam&#299; thumma al-Yaman&#299;. Wa-f&#299;hi qa&#7779;&#257;&#700;id min shi&#699;rih wa-maq&#257;&#7789;&#299;&#699; min nathrih. I&#699;tan&#225; bi-ta&#7779;&#7717;&#299;&#7717;ih Hartw&#299;gh Dirinburgh.</subfield></datafield><datafield ind1=" " ind2=" " tag="260"><subfield code="a">Baghd&#257;d,</subfield><subfield code="b">Maktabat al-Muthann&#225;</subfield><subfield code="c">[1968 ?]</subfield></datafield><datafield ind1=" " ind2=" " tag="300"><subfield code="a">online resource (399, xvi p.)</subfield></datafield><datafield ind1="1" ind2=" " tag="490"><subfield code="a">Publications de l'&#201;cole des langues orientales vivantes, 4e s&#233;r.,</subfield><subfield code="v">v. 10</subfield></datafield><datafield ind1=" " ind2=" " tag="500"><subfield code="a">In Arabic.</subfield></datafield><datafield ind1=" " ind2=" " tag="500"><subfield code="a">Cover title.</subfield></datafield><datafield ind1=" " ind2=" " tag="500"><subfield code="a">Original t.p.: &#699;Oum&#226;ra du Yemen, sa vie et son oeuvre, par Hartwig Derembourg.</subfield></datafield><datafield ind1=" " ind2=" " tag="500"><subfield code="a">Pref. in French.</subfield></datafield><datafield ind1=" " ind2=" " tag="500"><subfield code="a">Reprint of v.1 of the ed. published in Paris, 1897.</subfield></datafield><datafield ind1=" " ind2=" " tag="500"><subfield code="a">Part of the Arabic Collections Online (ACO) project, contributed by New York Univeristy Libraries.</subfield></datafield><datafield ind1=" " ind2=" " tag="504"><subfield code="a">Includes bibliographical references.</subfield></datafield><datafield ind1=" " ind2=" " tag="505"><subfield code="a">al-Nukat al-&#699;a&#7779;r&#299;yah f&#299; akhb&#257;r al-wuzar&#257;&#700; al-Mi&#7779;r&#299;yah -- Mukht&#257;r min d&#299;w&#257;n &#699;Um&#257;rah.</subfield></datafield><datafield ind1=" " ind2=" " tag="533"><subfield code="a">Electronic reproduction.</subfield><subfield code="b">New York, N.Y. :</subfield><subfield code="c">New York University,</subfield><subfield code="d">2014.</subfield><subfield code="5">NNU</subfield></datafield><datafield ind1="1" ind2="0" tag="600"><subfield code="a">Derenbourg, Hartwig,</subfield><subfield code="d">1844-1908.</subfield></datafield><datafield ind1="2" ind2=" " tag="710"><subfield code="a">New York University.</subfield><subfield code="b">Libraries.</subfield></datafield><datafield ind1="0" ind2=" " tag="730"><subfield code="a">Arabic Collections Online.</subfield></datafield><datafield ind1="0" ind2=" " tag="740"><subfield code="a">Nukat al-&#699;a&#7779;r&#299;yah f&#299; akhb&#257;r al-wuzar&#257;&#700; al-Mi&#7779;r&#299;yah.</subfield></datafield><datafield ind1="0" ind2="8" tag="776"><subfield code="i">Print version:</subfield><subfield code="a">&#699;Um&#257;rah ibn &#699;Al&#299; al-&#7716;akam&#299;, 1120 or 21-1174.</subfield><subfield code="t">Kit&#257;b f&#299;h&#299; al-nukat al-&#699;a&#7779;r&#299;yah f&#299; akhb&#257;r al-wuzar&#257;&#700; al-Mi&#7779;r&#299;yah</subfield><subfield code="w">(NNU)002818882</subfield><subfield code="w">(DLC)76961406</subfield></datafield><datafield ind1="1" ind2=" " tag="810"><subfield code="a">Paris (France).</subfield><subfield code="b">&#201;cole des langues oreintales vivantes.</subfield><subfield code="t">Publications,</subfield><subfield code="n">4. s&#233;r. ;</subfield><subfield code="v">v. 10.</subfield></datafield><datafield ind1="4" ind2="0" tag="856"><subfield code="u">http://hdl.handle.net/2333.1/cc2fr104</subfield></datafield><datafield ind1=" " ind2=" " tag="959"><subfield code="a">NNU</subfield><subfield code="b">WEB</subfield><subfield code="c">GENI</subfield><subfield code="t">0</subfield><subfield code="m">Electronic access</subfield><subfield code="s">01</subfield></datafield></record>